@MISC{lecture,
author={{Hjorth-Jensen}, M.},
title={Computational Physics, Lecture Notes Fall 2014},
year=2014,
month=August,
howpublished={University of Oslo},
}

@BOOK{numerical,
  title={Numerical Recipes in C++: The Art of Scientific Computing},
  author={{Press}, W. and {Flannery}, B. and {Teukolsky}, S. and {Vetterling}, W.},
  year={1999},
  publisher={Cambridge University Press}
}

@article{taut1993,
  title = {Two electrons in an external oscillator potential: Particular analytic solutions of a Coulomb correlation problem},
  author = {Taut, M.},
  journal = {Phys. Rev. A},
  volume = {48},
  issue = {5},
  pages = {3561--3566},
  numpages = {0},
  year = {1993},
  month = {Nov},
  publisher = {American Physical Society},
  doi = {10.1103/PhysRevA.48.3561},
  url = {http://link.aps.org/doi/10.1103/PhysRevA.48.3561}
}
